
@article{swart_conceitos_nodate,
	title = {Conceitos Básicos para Semicondutores},
	author = {Swart, Jacobus W},
	langid = {portuguese},
	file = {Swart - Conceitos Básicos para Semicondutores.pdf:C\:\\Users\\danie\\Zotero\\storage\\LEDW95EN\\Swart - Conceitos Básicos para Semicondutores.pdf:application/pdf},
}

@online{noauthor_semiconductor_nodate,
	title = {Semiconductor Band Gaps},
	url = {http://hyperphysics.phy-astr.gsu.edu/hbase/Tables/Semgap.html},
	urldate = {2023-02-27},
	file = {Semiconductor Band Gaps:C\:\\Users\\danie\\Zotero\\storage\\BQH2GZRK\\Semgap.html:text/html},
}

@article{odonnell_temperature_1991,
	title = {Temperature dependence of semiconductor band gaps},
	volume = {58},
	issn = {0003-6951, 1077-3118},
	url = {http://aip.scitation.org/doi/10.1063/1.104723},
	doi = {10.1063/1.104723},
	pages = {2924--2926},
	number = {25},
	journaltitle = {Appl. Phys. Lett.},
	author = {O'Donnell, K. P. and Chen, X.},
	urldate = {2023-02-27},
	date = {1991-06-24},
	langid = {english},
	file = {O'Donnell e Chen - 1991 - Temperature dependence of semiconductor band gaps.pdf:C\:\\Users\\danie\\Zotero\\storage\\LNIN9ZWA\\ODonnell e Chen - 1991 - Temperature dependence of semiconductor band gaps.pdf:application/pdf},
}